<?xml version="1.0" encoding="UTF-8"?><collection xmlns="http://www.loc.gov/MARC21/slim"><record><leader>00374nam--2200133-i-4500</leader><controlfield tag="001">000013141</controlfield><controlfield tag="002">20161230</controlfield><controlfield tag="005">20161230201030</controlfield><controlfield tag="008">060222s1000------------r-----000-0-eng-d</controlfield><datafield ind1=" " ind2=" " tag="080"><subfield code="a">519.682</subfield></datafield><datafield ind1=" " ind2=" " tag="245"><subfield code="a">Report on the programming language plz/sys</subfield></datafield><datafield ind1=" " ind2=" " tag="260"><subfield code="a">New York, Springer-verlag, 1978 Vi + 72 P.Dif</subfield></datafield><datafield ind1=" " ind2=" " tag="700"><subfield code="a">Bass, Charlie, Snook, Tod, Roberts, Janet</subfield></datafield><datafield ind1=" " ind2=" " tag="852"><subfield code="a">47434</subfield></datafield></record></collection>